@article{Newton+Spurrel:1967,
 ISSN = {00359254, 14679876},
 URL = {http://www.jstor.org/stable/2985778},
 abstract = {This paper describes the use of elements in regression analysis (Newton and Spurrell, 1967) to clarify the problems which arose in two industrial studies. The use of elements contributed significantly to a better understanding of the processes under investigation.},
 author = {R. G. Newton and D. J. Spurrell},
 journal = {Journal of the Royal Statistical Society. Series C (Applied Statistics)},
 number = {2},
 pages = {165--172},
 publisher = {[Wiley, Royal Statistical Society]},
 title = {Examples of the Use of Elements for Clarifying Regression Analyses},
 urldate = {2024-03-27},
 volume = {16},
 year = {1967}
}

@article{OBrien2017DroppingHC,
  title={Dropping Highly Collinear Variables from a Model: Why it Typically is Not a Good Idea*},
  author={Robert M. O’Brien},
  journal={Social Science Quarterly},
  year={2017},
  volume={98},
  pages={360-375}
}



@article{Tay2017CorrelationVI,
  title={Correlation, variance inflation and multicollinearity in regression model},
  author={Richard Tay},
  journal={Journal of the Eastern Asia Society for Transportation Studies},
  year={2017},
  volume={12},
  pages={2006-2015},
  note={ researchers and practitioners should not automatically exclude any variables from their regression models simply because they are highly correlated with other explanatory variables}
}

@article{Tsao2017EstimableGE,
  title={Estimable group effects for strongly correlated variables in linear models},
  author={Min Tsao},
  journal={Journal of Statistical Planning and Inference},
  year={2017}
}


@article{Zellner2004VariableSI,
  title={Variable Selection in Logistic Regression Models},
  author={Dietmar Zellner and Frieder Keller and G{\"u}nter E. Zellner},
  journal={Communications in Statistics - Simulation and Computation},
  year={2004},
  volume={33},
  pages={787 - 805}
}


@misc{auld:2013,
  title = {Remarks on Chen and Pearl on causality in econometrics textbooks},
  author = {Chris Auld},
  year = {2013},
  howpublished = {\url{https://chrisaulddotcom.wordpress.com/2013/10/08/remarks-on-chen-and-pearl-on-causality-in-econometrics-textbooks/}}
}





@book{berk2004regression,
  title={Regression analysis: A constructive critique},
  author={Berk, Richard A},
  volume={11},
  year={2004},
  publisher={Sage}
}


@article{birnbaum1973devil,
  title={The devil rides again: Correlation as an index of fit.},
  author={Birnbaum, Michael H},
  journal={Psychological Bulletin},
  volume={79},
  number={4},
  pages={239},
  year={1973},
  publisher={American Psychological Association}
}


@article{breiman2001statistical,
  title={Statistical modeling: The two cultures (with comments and a rejoinder by the author)},
  author={Breiman, Leo},
  journal={Statistical science},
  volume={16},
  number={3},
  pages={199--231},
  year={2001},
  publisher={Institute of Mathematical Statistics}
}

@article{chen2013regression,
  title={Regression and causation: a critical examination of six econometrics textbooks},
  author={Chen, Bryant and Pearl, Judea},
  journal={Real-World Economics Review, Issue},
  number={65},
  year={2013}
}

@misc{chengmatloffarxhiv,
  doi = {10.48550/ARXIV.1806.06850},
  url = {https://arxiv.org/abs/1806.06850},
  author = {Cheng, Xi and Khomtchouk, Bohdan and Matloff, Norman and Mohanty, Pete},
  keywords = {Machine Learning (cs.LG), Machine Learning (stat.ML), FOS: Computer and information sciences, FOS: Computer and information sciences},
  title = {Polynomial Regression As an Alternative to Neural Nets},
  publisher = {arXiv},
  year = {2018},
  copyright = {arXiv.org perpetual, non-exclusive license}
}

@inproceedings{creager1969orthogonal,
  title={Orthogonal analysis of linear composite variance.},
  author={Creager, John A and Boruch, Robert F},
  booktitle={Proceedings of the Annual Convention of the American Psychological Association},
  year={1969},
  organization={American Psychological Association}
}

@article{doi:10.3102/00028312008004671,
author = {John A. Creager},
title ={Comments: Orthogonal and Nonorthogonal Methods for Partitioning Regression Variance},

journal = {American Educational Research Journal},
volume = {8},
number = {4},
pages = {671-676},
year = {1971},
doi = {10.3102/00028312008004671},

URL = { 
    
        https://doi.org/10.3102/00028312008004671
    
    

},
eprint = { 
    
        https://doi.org/10.3102/00028312008004671
    
    

}

}

@book{fox+weisberg:2002,
  title = {An {R} Companion to Applied Regression},
  edition = {Second},
  author = {John Fox and Sanford Weisberg},
  year = {2002},
  publisher = {Sage},
  address = {Thousand Oaks {CA}},
  url = {https://socialsciences.mcmaster.ca/jfox/Books/Companion/},
}


@article{haavelmo1943statistical,
  title={The statistical implications of a system of simultaneous equations},
  author={Haavelmo, Trygve},
  journal={Econometrica, Journal of the Econometric Society},
  pages={1--12},
  year={1943},
  publisher={JSTOR}
}

@article{johnson2000heuristic,
  title={A heuristic method for estimating the relative weight of predictor variables in multiple regression},
  author={Johnson, Jeff W},
  journal={Multivariate behavioral research},
  volume={35},
  number={1},
  pages={1--19},
  year={2000},
  publisher={Taylor \& Francis}
}


@article{kraha2012tools,
  title={Tools to support interpreting multiple regression in the face of multicollinearity},
  author={Kraha, Amanda and Turner, Heather and Nimon, Kim and Zientek, Linda Reichwein and Henson, Robin K},
  journal={Frontiers in psychology},
  volume={3},
  pages={44},
  year={2012},
  publisher={Frontiers Research Foundation}
}


@Book{mass:2002,
    title = {Modern Applied Statistics with S},
    author = {W. N. Venables and B. D. Ripley},
    publisher = {Springer},
    edition = {Fourth},
    address = {New York},
    year = {2002},
    note = {ISBN 0-387-95457-0},
    url = {https://www.stats.ox.ac.uk/pub/MASS4/}
  }

@article{mood:1971,
 ISSN = {00028312, 19351011},
 URL = {http://www.jstor.org/stable/1162174},
 abstract = {A novel method of partitioning regression variance was devised for analyzing data gathered in the Equal Educational Opportunity Survey (Coleman, et al.) and was at the same time being developed by Newton and Spurrell. The technique seems to have considerable promise for assisting those of us doing educational research to get a little deeper insight into the way independent variables may be meaningfully grouped into a few groups with some intuitive appeal.},
 author = {Alexander M. Mood},
 journal = {American Educational Research Journal},
 number = {2},
 pages = {191--202},
 publisher = {[American Educational Research Association, Sage Publications, Inc.]},
 title = {Partitioning Variance in Multiple Regression Analyses as a Tool for Developing Learning Models},
 urldate = {2024-03-27},
 volume = {8},
 year = {1971}
}

@article{newton1967development,
  title={A development of multiple regression for the analysis of routine data},
  author={Newton, RG and Spurrell, DJ},
  journal={Journal of the Royal Statistical Society Series C: Applied Statistics},
  volume={16},
  number={1},
  pages={51--64},
  year={1967},
  publisher={Oxford University Press}
}


@article{nimon2011regression,
  title={Regression commonality analysis: A technique for quantitative theory building},
  author={Nimon, Kim and Reio Jr, Thomas G},
  journal={Human Resource Development Review},
  volume={10},
  number={3},
  pages={329--340},
  year={2011},
  publisher={Sage Publications Sage CA: Los Angeles, CA}
}

 @Manual{nimonimplementation,
    title = {yhat: Interpreting Regression Effects},
    author = {Kim Nimon and Fred Oswald and J. Kyle Roberts.},
    year = {2023},
    note = {R package version 2.0-4},
  }

@article{pearl1995causal,
  title={Causal diagrams for empirical research},
  author={Pearl, Judea},
  journal={Biometrika},
  volume={82},
  number={4},
  pages={669--688},
  year={1995},
  publisher={Oxford University Press}
}

@Manual{rlang,
    title = {R: A Language and Environment for Statistical Computing},
    author = {{R Core Team}},
    organization = {R Foundation for Statistical Computing},
    address = {Vienna, Austria},
    year = {2022},
    url = {https://www.R-project.org/},
  }

@article{shafferrandomgm,
author = { Juliet   Popper   Shaffer },
title = {The Gauss—Markov Theorem and Random Regressors},
journal = {The American Statistician},
volume = {45},
number = {4},
pages = {269-273},
year  = {1991},
publisher = {Taylor & Francis},
doi = {10.1080/00031305.1991.10475819},
URL = {https://doi.org/10.1080/00031305.1991.10475819},
eprint = {https://doi.org/10.1080/00031305.1991.10475819}
}

@book{sheather2009modern,
  title={A modern approach to regression with R},
  author={Sheather, Simon},
  year={2009},
  publisher={Springer Science \& Business Media}
}

@article{stone1990continuum,
  title={Continuum regression: cross-validated sequentially constructed prediction embracing ordinary least squares, partial least squares and principal components regression},
  author={Stone, Mervyn and Brooks, Rodney J},
  journal={Journal of the Royal Statistical Society: Series B (Methodological)},
  volume={52},
  number={2},
  pages={237--258},
  year={1990},
  publisher={Wiley Online Library}
}

@misc{trumpcubic,
  title = {White House economic adviser Kevin Hassett created a baffling 'cubic model' showing coronavirus deaths would hit 0 by May 15. It turns out he used a basic Excel function for his controversial projection.},
  author = { Joseph Zeballos-Roig},
  year = {2020},
  howpublished = {\url{https://www.businessinsider.com/trump-advisor-kevin-hassett-excel-function-cubic-model-coronavirus-2020-5}},
  note = {Accessed: 2024-03-03}
}

@inproceedings{venables1998exegeses,
  title={Exegeses on linear models},
  author={Venables, WN},
  booktitle={S-Plus User’s Conference, Washington DC},
  year={1998}
}
